@article{mccombs,
author 		= {Maxwell McCombs},
title 		= {A Look at Agenda-setting: past, present and future},
journal 	= {Journalism Studies},
publisher   = {Informa UK Limited},
volume 		= {6},
number 		= {4},
pages 		= {543-557},
year 		= {2005},
}

@article{groshek,
author 		= {Jacob Groshek and Megan Clough Groshek},
title 		= {Agenda trending: Reciprocity and the predictive capacity of social networking sites in intermedia agenda setting across topics over time},
journal 	= {Media and Communication},
volume 		= {1},
pages 		= {15-27},
year 		= {2013},
}

@article{nunomura,
author 		= {Eduardo Nunomura},
title 		= {A imprensa, o Twitter e as eleições de 2010 no Brasil},
journal 	= {Revista Brasileira de Ciências da Comunicação [online]},
volume 		= {36},
number 		= {1},
pages 		= {103-126},
year 		= {2013},
doi         = {10.1590/S1809-58442013000100006},
url         = {https://doi.org/10.1590/S1809-58442013000100006},
print       = {https://doi.org/10.1590/S1809-58442013000100006}
}

@article{sterrett,
author 		= {David Sterrett and Dan Malato and Jennifer Benz and Liz Kantor and Trevor Tompson and Tom Rosenstiel and Jeff Sonderman and Kevin Loker},
title 		= {Who Shared It?: Deciding What News to Trust on Social Media},
journal 	= {Digital Journalism},
publisher   = {Routledge},
volume 		= {7},
number 		= {6},
pages 		= {783-801},
year 		= {2019},
doi         = {10.1080/21670811.2019.1623702},
url         = {https://doi.org/10.1080/21670811.2019.1623702},
eprint      = {https://doi.org/10.1080/21670811.2019.1623702}
}

@article{zhuravskaya,
author      = {Ekaterina Zhuravskaya and Maria Petrova and Ruben Enikolopov},
title       = {Political Effects of the Internet and Social Media},
journal     = {Annual Review of Economics},
volume      = {12},
number      = {1},
pages       = {415-438},
year        = {2020},
doi         = {10.1146/annurev-economics-081919-050239},
url         = {https://doi.org/10.1146/annurev-economics-081919-050239},
eprint      = {https://doi.org/10.1146/annurev-economics-081919-050239}
}

@article{ahlers,
author      = {Douglas Ahlers},
title       = {News Consumption and the New Electronic Media},
journal     = {Harvard International Journal of Press/Politics},
volume      = {11},
number      = {1},
pages       = {29-52},
year        = {2006},
doi         = {10.1177/1081180X05284317},
url         = { https://doi.org/10.1177/1081180X05284317 },
eprint      = { https://doi.org/10.1177/1081180X05284317 },
}

@article{allcott,
title     = {Social media and fake news in the 2016 election},
author    = {Allcott, Hunt and Gentzkow, Matthew},
journal   = {Journal of economic perspectives},
volume    = {31},
number    = {2},
pages     = {211--236},
year      = {2017},
publisher = {American Economic Association 2014 Broadway, Suite 305, Nashville, TN 37203-2418},
url       = {https://pubs.aeaweb.org/doi/pdfplus/10.1257/jep.31.2.211}
}

@article{gottfried,
title     = {News Use Across Social Media Platforms 2016},
author    = {Gottfried, Jeffrey, and Elisa Shearer},
journal   = {Pew Research Center},
year      = {2016},
url       = {http://www.
journalism.org/2016/05/26/news-use-across-social-media-platforms-2016}
}

@article{grindberg,
author  = {Nir Grinberg  and Kenneth Joseph  and Lisa Friedland  and Briony Swire-Thompson  and David Lazer },
title   = {Fake news on Twitter during the 2016 U.S. presidential election},
journal = {Science},
volume  = {363},
number  = {6425},
pages   = {374-378},
year    = {2019},
doi     = {10.1126/science.aau2706},
url     = {https://www.science.org/doi/abs/10.1126/science.aau2706},
eprint  = {https://www.science.org/doi/pdf/10.1126/science.aau2706},
}

@article{bradshaw,
title       = {Challenging truth and trust: A global inventory of organized social media manipulation},
author      = {Bradshaw, Samantha and Howard, Philip N},
journal     = {The computational propaganda project},
volume      = {1},
pages       = {1--26},
year        = {2018},
publisher   = {Oxford University Internet Institute Oxford}
}

@inproceedings{chen,
title           = {D-Map: Visual analysis of ego-centric information diffusion patterns in social media},
author          = {Chen, Siming and Chen, Shuai and Wang, Zhenhuang and Liang, Jie and Yuan, Xiaoru and Cao, Nan and Wu, Yadong},
booktitle       = {2016 IEEE Conference on Visual Analytics Science and Technology (VAST)},
pages           = {41--50},
year            = {2016},
organization    = {IEEE}
}

@article{teste1,
author 		= {Igor Antun},
title 		= {Testando citações},
journal 	= {Revista},
publisher   = {Editora},
volume 		= {3},
number 		= {4},
pages 		= {422-142},
year 		= {1999},
}

@article{teste2,
author 		= {Igor Antun},
title 		= {Testando citações},
journal 	= {Revista},
publisher   = {Editora},
volume 		= {3},
number 		= {4},
pages 		= {422-142},
year 		= {1999},
}

@article{teste3,
author 		= {Igor Antun},
title 		= {Testando citações},
journal 	= {Revista},
publisher   = {Editora},
volume 		= {3},
number 		= {4},
pages 		= {422-142},
year 		= {1999},
}

@book{temp2,
author    = {},
title     = {},
edition   = {},
publisher = {},
year      = {}
}

@InBook{temp3,
author 		= {},
title 		= {},
booktitle	= {},
publisher	= {},
year 			= {},
chapter 	= {},
pages 		= {}
}

@inproceedings{temp4,
author    = {},
title     = {},
editor    = {},
booktitle = {},
publisher = {},
year      = {},
pages     = {}
}

@phdthesis{temp6,
author 		= {f},
title  		= {},
school 		= {},
year   		= {}
}

@mastersthesis{temp7,
author 		= {},
title  		= {},
school 		= {},
year   		= {}
}

@TechReport{temp8,
author 		= {},
title 		= {},
year 			= {}
}

@misc{twitterapi,
author 		= {},
title 		= {},
year 		= {},
url 		= {
accessdate: "teste"
} 
}
